% biblatex example

@misc{reference_misc_video,
	title = {{Title de l'émission} : titre l'épisode},
	url = {http://example.fr},
	author = {Organization},
	urldate = {2017-11-18},
	year = {2014},
	month = {Decembre},
	howpublished = {video},
}


@book{ref_book,
	title = {Exemple de référence de livre},
	shorttitle = {Titre court s'il existe},
	isbn = {XXX-X-XXXX-XXXX-X},
	pagetotal = {500},
	publisher = {Publié par},
	author = {{autheur}},
	date = {2010},
}

@techreport{ref_techreport,
	title = {Exemple de référence de rapport technique},
	institution = {institution},
	author = {Alexandre Degurse},
	ISBN = {XXX-X-XXXX-XXXX-X},
	ISSN = {XXXX-XXXX},
	type = {Recherches et Documents},
	number = {N° 07/2016},
}

@techreport{ref_techreport2,
	title = {Rapport},
	institution = {institution},
	author = {Alexandre Degurse},
	type = {Rapport d'information},
	year = {2014},
	month = {Juillet},
	number = {N°684},
	langid = {french},
}

@online{ref_online,
	title = {Titre de l'article},
	url = {https://example.fr/arcticle},
	author = {{Auteur}},
	urldate = {2017-12-15},
	date = {2017-03-22},
	langid = {english},
}
